@article{hayek1945use,
  title = {The use of knowledge in society},
  author = {Hayek, Friedrich August},
  journal = {The American economic review},
  volume = {35},
  number = {4},
  pages = {519--530},
  year = {1945},
  publisher = {JSTOR}}
@article{wolff_2012, 
    title = {Yes, there is an alternative to capitalism: Mondragon shows the way}, 
    journal = {The Guardian}, 
    author = {Wolff, Richard}, 
    year = {2012}, 
    month = {Jun}} 
@article{davila,
    title = {Decentralisation at Work: Cooperatives on the Blockchain},
    author = {Davila, Joshua},
    year = {2021},
    month = {5},
    day = {27},
    url = {https://www.dgen.org/blog/decentralisation-at-work-cooperatives-on-blockchain}}
@misc{ica,
    title = {What is a cooperative?},
    publisher = {International Cooperative Alliance},
    howpublished = {\url{https://www.ica.coop/en/cooperatives/what-is-a-cooperative}},
    note = {Accessed 2022-06-23}}
 @book{alizart,
    title = {Cryptocommunism},
    author = {Alizart, Mark},
    publisher = {Polity Press},
    year = {2020}}
 @incollection{marx2019communist,
  title={The communist manifesto},
  author={Marx, Karl and Engels, Friedrich},
  booktitle={Ideals and Ideologies},
  pages={243--255},
  year={2019},
  publisher={Routledge}}
@article{moore2019utopia,
  title={Utopia by Sir Thomas Moore: New Writers Edition},
  author={Moore, Thomas and Stroud, Allen},
  year={2019},
  publisher={HWS Press}}
@book{de2011dictator,
  title={The dictator's handbook: why bad behavior is almost always good politics},
  author={De Mesquita, Bruce Bueno and Smith, Alastair},
  year={2011},
  publisher={Hachette UK}}
@incollection{turchin2018historical,
  title={Historical dynamics},
  author={Turchin, Peter},
  booktitle={Historical Dynamics},
  year={2018},
  publisher={Princeton University Press}}
@book{gulag,
    title = {The Gulag Archipelago},
    author = {Aleksandr Solzhenitsyn},
    year = {2018},
    publisher = {Vintage Classics},
    city = {London, England}}
@article{gilens2014testing,
  title={Testing theories of American politics: Elites, interest groups, and average citizens},
  author={Gilens, Martin and Page, Benjamin I},
  journal={Perspectives on politics},
  volume={12},
  number={3},
  pages={564--581},
  year={2014},
  publisher={Cambridge University Press}}
@book{banerjee2011poor,
  title={Poor economics: A radical rethinking of the way to fight global poverty},
  author={Banerjee, Abhijit and Banerjee, Abhijit V and Duflo, Esther},
  year={2011},
  publisher={Public Affairs}}
@article{lateStageCapitalismAtlantic,
    url = {https://www.theatlantic.com/business/archive/2017/05/late-capitalism/524943/},
    title = {Why the Phrase 'Late Capitalism' Is Suddenly Everywhere},
    author = {Annie Lowrey},
    year = {2017}, 
    month = {may},
    day = {1},
    publisher = {The Atlantic}}
@article{blockchain101,
    title = {Blockchain 101: What Can Blockchain Give to The Left? (Part 3)},
    publisher = {The Blockchain Socialist},
    year = {2019},
    month = {11},
    day = {17}}
@article{nakamoto2008bitcoin,
  title={Bitcoin: A peer-to-peer electronic cash system},
  author={Nakamoto, Satoshi},
  journal={Decentralized Business Review},
  pages={21260},
  year={2008}}
@incollection{nembhard2021collective,
  title={Collective courage},
  author={Nembhard, Jessica Gordon},
  booktitle={Collective Courage},
  year={2021},
  publisher={Penn State University Press}}
@article{coopWhitepaper,
    title = {Exploring The Cooperative Economy},
    journal = {World Cooperative Monitor},
    year = {2021},
    entrysubtype = {magazine}}
@article{nadeau2012cooperative,
  title={The cooperative solution},
  author={Nadeau, EG},
  journal={How the United States Can Tame Recessions, Reduce Inequality, and Protect the Environment, Madison},
  year={2012}}
@incollection{potashev2021mathematical,
  title={Mathematical modeling of economic processes in the activities of cooperative organizations},
  author={Potashev, Andrey V and Potasheva, Elena V and Ahmedova, Alfira M and Gaynulova, Ludmila A},
  booktitle={Frontier Information Technology and Systems Research in Cooperative Economics},
  pages={299--308},
  year={2021},
  publisher={Springer}}
@misc{voshmgir2021conceptual,
  title={Conceptual Models for DAO2DAO Relationsâ€™. Medium},
  author={Voshmgir, S and Zargham, M and Emmett, J},
  year={2021}}
@misc{voshmgir2021exploring,
  title = {Exploring DAO2DAO Collaboration Mechanisms},
  author = {Dagdelen, C and Emmett, J and Hampshire, M and Voshmigir, S and Zargham, M},
  year = {2021}}
@article{spotlight2012recession,
  title={The Recession of 2007-2009},
  author={Spotlight, BLS},
  journal={US Bureau of Labor Statistics.* Staff, J., Osgood, DW, Schulenberg, JE, Bachman, JG, \& Messersmith, EE},
  year={2012}}
@article{ethereum2014ethereum,
  title={Ethereum Whitepaper},
  year={2014}}
@misc{googleAds,
  title = {Google Ads},
  howpublished = {https://ads.google.com/home/?pli=1#!/},
  note = {Accessed December 17, 2022}}
@article{agencyShop,
  title = {Labor Relations Law: Union Security and the Right to Work},
  publisher = {Cornell Law School Legal Information Institute},
  url = {https://www.law.cornell.edu/wex/agency_shop},
  month = {6},
  year = {2022}}
@article{closedShop,
  title = {Labor Relations Law: Union Security and the Right to Work},
  publisher = {Cornell Law School Legal Information Institute},
  url = {https://www.law.cornell.edu/wex/closed_shop},
  month = {7},
  year = {2022}}
@article{capitalDefinition,
  title = {Capital: Definition, How It's Used, Structure, and Types in Business},
  publisher = {Investopedia},
  url = {https://www.investopedia.com/terms/c/capital.asp},
  author = {Marshall Hargrave and Caitlin Clarke and Yarilet Perez},
  month = {8},
  day = {5},
  year = {2022}}
@book{UniDarwinism1,
    title = {Adaptation and Natural Selection: A Critique of Some Current Evolutionary Thought},
    year = {1996},
    publisher = {Princeton University Press}}
@article{UniDarwinism2,
    title = {Darwin's Dangerous Idea: Evolution and the Meanings of Life},
    author = {Daniel C Dennett},
    year = {1995},
    publisher = {Penguin}}
@article{holographicConsensus1,
    title = {Holographic Consensus - Part 1},
    author = {Matan Field},
    month = {11},
    day = {12},
    year = {2018},
    publisher = {Medium},
    url = {https://medium.com/daostack/holographic-consensus-part-1-116a73ba1e1c}}
@misc{DAOstack,
    title = {DAOstack},
    url = {https://daostack.io/}}
@article{holographicConsensus2,
    title = {Holographic Consensus - Part 2},
    author = {Matan Field and Ezra Weller},
    month = {6},
    day = {18},
    year = {2019},
    publisher = {Medium},
    url = {https://medium.com/daostack/holographic-consensus-part-2-4fd461e8dcde}}
@article{predictionMarketsContentCuration,
    url = {https://ethresear.ch/t/prediction-markets-for-content-curation-daos/1312},
    title = {Prediction markets for content curation DAOs},
    author = {vbuterin},
    month = {3},
    year = {2018}}
@article{DAOstackWhitePaper,
    url = {https://daostack.io/wp/DAOstack-White-Paper-en.pdf},
    title = {An Operating System for Collective Intelligence},
    publisher = {DAOstack},
    year = {2018},
    month = {4},
    day = {22}}